@article{arulampalam2002,
  title = {A Tutorial on Particle Filters for Online Nonlinear/Non-{{Gaussian Bayesian}} Tracking},
  author = {Arulampalam, M.S. and Maskell, S. and Gordon, N. and Clapp, T.},
  year = {2002},
  month = feb,
  volume = {50},
  pages = {174--188},
  issn = {1941-0476},
  doi = {10.1109/78.978374},
  journal = {IEEE Transactions on Signal Processing},
  number = {2}
}
@article{cappe2007b,
  title = {An {{Overview}} of {{Existing Methods}} and {{Recent Advances}} in {{Sequential Monte Carlo}}},
  author = {Cappe, Olivier and Godsill, Simon J. and Moulines, Eric},
  year = {2007},
  month = may,
  volume = {95},
  pages = {899--924},
  issn = {1558-2256},
  doi = {10.1109/JPROC.2007.893250},
  journal = {Proceedings of the IEEE},
  number = {5}
}
@article{chen2003,
  title = {{{CAPABILITY MEASURES FOR}} m -{{DEPENDENT STATIONARY PROCESSES}}},
  volume = {37},
  issn = {02331888},
  language = {en},
  number = {1},
  journal = {Statistics: A Journal of Theoretical and Applied Statistics},
  doi = {10.1080/02331880309257},
  author = {Chen, Sy-Mien and Hsu, Yu-Sheng and Pearn, W. L.},
  month = jan,
  year = {2003},
  pages = {1-24}
}
@article{crisan2002,
  title = {A Survey of Convergence Results on Particle Filtering Methods for Practitioners},
  author = {Crisan, D. and Doucet, A.},
  year = {2002},
  month = mar,
  volume = {50},
  pages = {736--746},
  issn = {1941-0476},
  doi = {10.1109/78.984773},
  journal = {IEEE Transactions on Signal Processing},
  number = {3}
}
@article{daum2005,
  title = {Nonlinear Filters: Beyond the {{Kalman}} Filter},
  volume = {20},
  issn = {1557-959X},
  shorttitle = {Nonlinear Filters},
  number = {8},
  journal = {IEEE Aerospace and Electronic Systems Magazine},
  doi = {10.1109/MAES.2005.1499276},
  author = {Daum, F.},
  month = aug,
  year = {2005},
  pages = {57-69},
  note = {Conference Name: IEEE Aerospace and Electronic Systems Magazine}
}
@inproceedings{daum2007,
  title = {Nonlinear Filters with Log-Homotopy},
  booktitle = {Optical {{Engineering}} + {{Applications}}},
  author = {Daum, Fred and Huang, Jim},
  editor = {Drummond, Oliver E. and Teichgraeber, Richard D.},
  year = {2007},
  month = sep,
  pages = {669918-669918-15},
  address = {{San Diego, CA}},
  doi = {10.1117/12.725684},
  language = {en}
}
@inproceedings{hagmar2011,
  title = {Optimal Parameterization of Posterior Densities Using Homotopy},
  booktitle = {14th {{International Conference}} on {{Information Fusion}}},
  author = {Hagmar, Jonas and Jirstrand, Mats and Svensson, Lennart and Morelande, Mark},
  month = jul,
  year = {2011},
  pages = {1-8}
}
@inproceedings{hanebeck2003,
  address = {{Orlando, FL}},
  title = {Progressive {{Bayes}}: A New Framework for Nonlinear State Estimation},
  shorttitle = {Progressive {{Bayes}}},
  language = {en},
  booktitle = {{{AeroSense}} 2003},
  doi = {10.1117/12.487806},
  author = {Hanebeck, Uwe D. and Briechle, Kai and Rauh, Andreas},
  editor = {Dasarathy, Belur V.},
  month = apr,
  year = {2003},
  pages = {256}
}
@inproceedings{hanebeck2012a,
  title = {Progressive {{Gaussian}} Filtering Based on {{Dirac Mixture}} Approximations},
  booktitle = {2012 15th {{International Conference}} on {{Information Fusion}}},
  author = {Hanebeck, Uwe D. and Steinbring, Jannik},
  year = {2012},
  month = jul,
  pages = {1697--1704}
}
@article{huber2008a,
  title = {Gaussian {{Filter}} Based on {{Deterministic Sampling}} for {{High Quality Nonlinear Estimation}}},
  volume = {41},
  issn = {14746670},
  language = {en},
  number = {2},
  journal = {IFAC Proceedings Volumes},
  doi = {10.3182/20080706-5-KR-1001.02291},
  author = {Huber, Marco F. and Hanebeck, Uwe D.},
  year = {2008},
  pages = {13527-13532}
}
@article{huber,
  title = {Gaussian {{Filtering}} for {{Polynomial Systems Based}} on {{Moment Homotopy}}},
  language = {en},
  author = {Huber, Marco F and Hanebeck, Uwe D},
  pages = {8}
}
@inproceedings{huber2013,
  title = {Gaussian Filtering for Polynomial Systems Based on Moment Homotopy},
  booktitle = {Proceedings of the 16th {{International Conference}} on {{Information Fusion}}},
  author = {Huber, Marco F. and Hanebeck, Uwe D.},
  month = jul,
  year = {2013},
  pages = {1080-1087}
}
@article{Kalman1960,
	doi = {10.1115/1.3662552},
	url = {https://doi.org/10.1115%2F1.3662552},
	year = 1960,
	month = {mar},
	publisher = {{ASME} International},
	volume = {82},
	number = {1},
	pages = {35--45},
	author = {R. E. Kalman},
	title = {A New Approach to Linear Filtering and Prediction Problems},
	journal = {Journal of Basic Engineering}
}
@book{jazwinski2007,
  title={Stochastic processes and filtering theory},
  author={Jazwinski, Andrew H},
  year={2007},
  publisher={Courier Corporation}
}
@article{julier2004,
  title = {Unscented {{Filtering}} and {{Nonlinear Estimation}}},
  author = {Julier, S.J. and Uhlmann, J.K.},
  year = {2004},
  month = mar,
  volume = {92},
  pages = {401--422},
  issn = {0018-9219},
  doi = {10.1109/JPROC.2003.823141},
  journal = {Proceedings of the IEEE},
  language = {en},
  number = {3}
}
@book{liao2012,
  title = {Homotopy {{Analysis Method}} in {{Nonlinear Differential Equations}}},
  author = {Liao, Shijun},
  year = {2012},
  publisher = {{Springer Berlin Heidelberg}},
  address = {{Berlin, Heidelberg}},
  doi = {10.1007/978-3-642-25132-0},
  isbn = {978-3-642-25131-3 978-3-642-25132-0},
  language = {en}
}



















