
@book{liao2012,
  title = {Homotopy {{Analysis Method}} in {{Nonlinear Differential Equations}}},
  author = {Liao, Shijun},
  year = {2012},
  publisher = {{Springer Berlin Heidelberg}},
  address = {{Berlin, Heidelberg}},
  doi = {10.1007/978-3-642-25132-0},
  isbn = {978-3-642-25131-3 978-3-642-25132-0},
  language = {en}
}
@inproceedings{hagmar2011,
  title = {Optimal Parameterization of Posterior Densities Using Homotopy},
  booktitle = {14th {{International Conference}} on {{Information Fusion}}},
  author = {Hagmar, Jonas and Jirstrand, Mats and Svensson, Lennart and Morelande, Mark},
  year = {2011},
  month = jul,
  pages = {1--8}
}


